@misc{yashe,
    author = {Joppe W. Bos and Kristin Lauter and Jake Loftus and Michael Naehrig},
    title = {Improved Security for a Ring-Based Fully Homomorphic Encryption Scheme},
    howpublished = {Cryptology ePrint Archive, Report 2013/075},
    year = {2013},
    note = {\url{http://eprint.iacr.org/2013/075}},
}

@misc{ntl,
    author = {Victor Shoup},
    title = {{NTL}: {Number} {Theory} {Library}},
    year = {2016},
    note = {\url{shoup.net/ntl/}},
}

@ARTICLE{paterson,
    author = {Michael S. Paterson and Larry J. Stockmeyer},
    title = {On the number of nonscalar multiplications necessary to evaluate polynomials},
    journal = {SIAM Journal on Computing},
    year = {1973}
}

@misc{comparison,
    author = {Tancr√®de Lepoint and Michael Naehrig},
    title = {A Comparison of the Homomorphic Encryption Schemes FV and YASHE},
    howpublished = {Cryptology ePrint Archive, Report 2014/062},
    year = {2014},
    note = {\url{http://eprint.iacr.org/2014/062}},
}

@misc{newton,
    author = {Gizem S. Cetin and Yarkin Doroz and Berk Sunar and William J. Martin},
    title = {ARITHMETIC USING WORD-WISE HOMOMORPHIC ENCRYPTION},
    howpublished = {Cryptology ePrint Archive, Report 2015/1195},
    year = {2015},
    note = {\url{http://eprint.iacr.org/2015/1195}},
}

@misc{firstImp,
    author = {Craig Gentry and Shai Halevi},
    title = {Implementing Gentry's Fully-Homomorphic Encryption Scheme},
    howpublished = {Cryptology ePrint Archive, Report 2010/520},
    year = {2010},
    note = {\url{http://eprint.iacr.org/2010/520}},
}

@phdthesis{homenc,
   author = {Craig Gentry},
   title = {A fully homomorphic encryption scheme},
   school = {Stanford University},
   year = 2009,
   note = {\url{crypto.stanford.edu/craig}}
 } 
